@book{drolshagen-kretschmer2015,
    author          = {Drolshagen, Sandra and Kretschmer, Jana},
    title           = {De-biasing {CILBO} Meteor Observations and the Mass Accumulation of the {Earth}},
    year            = 2015,
    publisher       = {Carl von Ossietzky Universität Oldenburg},
    address         = {Oldenburg},
}

@mastersthesis{zsilinszka2018,
    author          = {Zsilinszká, Lucia},
    title           = {Photometric calibration of {AMOS} system},
    year            = 2018,
    school          = {Comenius University in Bratislava},
    address         = {Bratislava, Slovakia},
}

@mastersthesis{balaz-thesis,
    author          = {Baláž, Martin},
    title           = {Determination of total meteoroid flux in millimetre to metre size range},
    year            = 2018,
    school          = {Comenius University in Bratislava},
    address         = {Bratislava, Slovakia},
}

@article{balaz+ip,
    author          = {Baláž, Martin and Tóth, Juraj and Jedicke, Robert and Vereš, Peter},
    title           = {Determination of Perseid Flux from Meteor Data Debiased by Numerical Simulation},
    year            = {in prep.},
}

@article{balaz+2020,
    author          = {Baláž, Martin and Tóth, Juraj and Jedicke, Robert and Vereš, Peter},
    title           = {{ASMODEUS} Meteor Simulation Toolset},
    journal         = {Planetary and Space Science},
    year            = 2020,
}

@inproceedings{balaz+2020imc,
    author          = {Baláž, Martin and Tóth, Juraj and Vereš, Peter},
    title           = {Investigation of meteor properties using a numerical simulation},
    booktitle       = {Proceedings of the International Meteor Conference, 39st {IMC}, Bollmannsruh, Germany, 2019},
    year            = 2020,
    month           = 1,
}

@book{tufte2001,
    author          = {Tufte, Edward Rolf},
    title           = {The Visual Display of Quantitative Information (second edition)},
    year            = 2001,
    publisher       = {Graphics Press LLC},
    address         = {Cheshire, Connecticut},
    isbn            = {978-0-961-39214-7},
}

@book{ray2002,
    author          = {Ray, Sidney F.},
    title           = {Applied Photographic Optics},
    edition         = 3,
    publisher       = {Focal Press},
    year            = 2002,
    isbn            = {978-0-240-51540-3},
}

@book{allen1976,
    author          = {Allen, C. W.},
    title           = {Astrophysical Quantities},
    publisher       = {Athlone},
    year            = 1976,
    address         = {London},
    pages           = {144},
}

@book{lovell1954,
    author          = {Lovell, Alfred Charles Bernard},
    title           = {Meteor Astronomy},
    year            = 1954,
    publisher       = {Oxford University Press},
}

@book{perwass2008,
    author          = {Perwass, C.},
    title           = {Geometric Algebra with Applications in Engineering},
    publisher       = {Springer Science \& Business Media},
    year            = 2008,
    pages           = {83-84},
    isbn            = {978-3-540-89067-6},
}

@book{opik1958,
    author          = {Öpik, Ernst Julius},
    title           = {Physics of meteor flight in the atmosphere},
    year            = 1958,
    url             = {https://doi.org/10.1002/qj.49708536526},
    publisher       = {Interscience Publishers},
}

@book{press1992,
    author          = {Press, William H. and Flannery, Brian P. and Teukolsky, Saul A. and Vetterling, William T.},
    title           = {Numerical Recipes in C: The Art of Scientific Computing},
    year            = 1992,
    edition         = 2,
    publisher       = {Cambridge University Press},
    address         = {New York, NY, USA},
    isbn            = {0-521-43108-5},
}

@book{bhatia2014,
    author          = {Bhatia, S. C.},
    title           = {Advanced Renewable Energy Systems, Part {I}},
    year            = 2014,
    pages           = {48},
    publisher       = {Woodhead Publishing India},
    address         = {New Delhi, India},
}

@book{nyland2007,
    author          = {Nyland, Lars and Harris, Mark and Prins, Jan},
    title           = {{GPU} Gems 3, chapter 31: Fast N-Body Simulation with {CUDA}},
    year            = 2007,
    chapter         = 31,
    publisher       = {Addison-Wesley Professional},
}

@article{hedin-msis,
    author          = {Hedin, A. E.},
    title           = {Extension of the {MSIS Thermosphere Model} into the middle and lower atmosphere},
    journal         = {Journal of Geophysical Research: Space Physics},
    volume          = {96},
    number          = {A2},
    pages           = {1159-1172},
    doi             = {10.1029/90JA02125},
    url             = {https://agupubs.onlinelibrary.wiley.com/doi/abs/10.1029/90JA02125},
    eprint          = {https://agupubs.onlinelibrary.wiley.com/doi/pdf/10.1029/90JA02125},
    year            = {1991},
}

@article{czegka2000,
    author          = {{Czegka}, W.},
    title           = {Lichenberg, Benzenberg, Brandes, and Their Meteor Height Determination in 1798--1800: An Empirical Approach to Solove the Meteorite Enigma},
    journal         = {Meteoritics and Planetary Science Supplement},
    year            = 2000,
    month           = 7,
    volume          = 35,
    pages           = {A45},
}

@article{jenniskens1998,
    author          = {Jenniskens, P.},
    title           = {On the dynamics of meteoroid streams},
    year            = 1998,
    month           = 6,
    pages           = {555-567},
    volume          = {50},
    journal         = {Earth, Planets, and Space},
    doi             = {10.1186/BF03352149},
}

@article{borovicka1990,
    author          = {{Borovička}, J.},
    title           = {The comparison of two methods of determining meteor trajectories from photographs},
    journal         = {Bulletin of the Astronomical Institutes of Czechoslovakia},
    year            = 1990,
    month           = 12,
    volume          = 41,
    pages           = {391-396},
}

@article{koschack-rendtel1990,
    author          = {Koschack, Ralf and Rendtel, Jürgen},
    title           = {Determination of spatial number density and mass index from visual meteor observations {(II)}},
    year            = 1990,
    month           = 03,
    volume          = 18,
    pages           = {44-58},
    journal         = {WGN, Journal of the IMO},
}

@article{cb+hrmoma,
    author          = {Campbell-Brown, M. D. and Borovička, J. and Brown, P. G. and Stokan, E.},
    title           = {High-resolution modelling of meteoroid ablation},
    DOI             = "10.1051/0004-6361/201322005",
    url             = "https://doi.org/10.1051/0004-6361/201322005",
    journal         = {Astronomy \& Astrophysics},
    year            = 2013,
    volume          = 557,
    pages           = "A41",
}


@article{koschny2013,
    author          = {Koschny, Detlef and Bettonvil, Felix and Licandro, Javier and others},
    title           = {A double-station meteor camera set-up in the {Canary Islands}},
    journal         = {Geoscientific Instrumentation Methods and Data Systems},
    volume          = 2,
    pages           = {339-348},
    year            = 2013,
}

@article{spurny2014,
    author          = {Spurný, Pavel and Shrbený, Lukáš and Borovička, Jiří and Koten, Pavel and Vojáček, Vlastimil and Štork, Rostislav},
    title           = {Bright {Perseid} fireball with exceptional beginning height of 170 km observed by different techniques},
    DOI             = {10.1051/0004-6361/201323261},
    url             = {https://doi.org/10.1051/0004-6361/201323261},
    journal         = {Astronomy \& Astrophysics},
    year            = 2014,
    volume          = 563,
    pages           = {A64},
}

@article{ceplecha1998,
    author          = {Ceplecha, Zdeněk and Borovička, Jiří and Elford, W. Graham and others},
    title           = {Meteor Phenomena and Bodies},
    year            = 1998,
    journal         = {Space Science Reviews},
    volume          = 84,
    issue           = {3-4},
    pages           = {327-471},
    url             = {https://doi.org/10.1023/A:1005069928850},
}

@article{ceplecha1987,
    author          = {Ceplecha, Zdeněk},
    title           = {Geometric, Dynamic, Orbital and Photometric Data on Meteoroids From Photographic Fireball Networks},
    journal         = {Bulletin of the Astronomical Institute of Czechoslovakia},
    year            = 1987,
    month           = 7,
    volume          = 38,
    pages           = {222},
}

@article{hajdukovajr1994,
    author          = {{Hajduková Jr.}, Mária},
    title           = {On the frequency of interstellar meteoroids},
    journal         = {Astronomy \& Astrophysics},
    year            = 1994,
    month           = 8,
    volume          = 288,
    pages           = {330-334},
}

@article{garrison1997,
    author          = {Garrison, T. P. and Ince, M. and Pizzicaroli, J. and Swan, P. A.},
    title           = {Systems Engineering Trades for the {IRIDIUM} Constellation},
    journal         = {Journal of Spacecraft and Rockets},
    volume          = 34,
    number          = 5,
    year            = 1997,
    pages           = {675-680},
    url             = {https://doi.org/10.2514/2.3267},
}

@article{romig1964,
    author          = {Romig, Mary F.},
    title           = {Physics of Meteor Entry},
    year            = 1965,
    volume          = 3,
    number          = 3,
    journal         = {AIAA Journal},
    pages           = {385-394},
    url             = {https://www.rand.org/content/dam/rand/pubs/papers/2008/P2902.pdf}
}

@article{turchak-gritsevich2014,
    author          = {Turchak, Leonid I. and Gritsevich, Maria I.},
    title           = {Meteoroids Interaction with the Earth Atmosphere},
    journal         = {Journal of Theoretical and Applied Mechanics},
    year            = 2014,
    volume          = 44,
    series          = 4,
    pages           = {15-28},
    address         = {Sofia},
}

@article{hill2005,
    author          = {Hill, K. A. and Rogers, L. A. and Hawkes, R. L.},
    title           = {High Geocentric Velocity Meteor Ablation},
    journal         = {Astronomy \& Astrophysics},
    year            = 2005,
    volume          = 444,
    pages           = {615-624},
    doi             = {10.1051/0004-6361:20053053},
}

@article{friichtenicht1968,
    author          = {Friichtenicht, J. F. and Slattery, J. C. and Tagliaferri, E.},
    title           = {A Laboratory Measurement of Meteor Luminous Efficiency},
    journal         = {Astrophysical Journal},
    year            = 1968,
    volume          = 151,
    pages           = {747},
    note            = {Bibcode 1968ApJ...151..747F},
}

@article{kasten-young1989,
    author          = {Kasten, F. and Young, A. T.},
    title           = {Revised Optical Air Mass Tables and Approximation Formula},
    journal         = {Applied Optics},
    year            = 1989,
    volume          = 28,
    pages           = {4735-4738},
    note            = {Bibcode 1989ApOpt..28.4735K},
}

@article{jones-halliday2001,
    author          = {Jones, William and Halliday, Ian},
    title           = {Effects of Excitation and Ionization in Meteor Trains},
    journal         = {Monthly Notices of the Royal Astronomical Society},
    year            = 2001,
    volume          = 320,
    issue           = 4,
    pages           = {417-423},
    note            = {Bibcode 2001MNRAS.320..417J},
}

@article{ceplecha1966,
    author          = {{Ceplecha}, Z.},
    title           = {Dynamic and photometric mass of meteors},
    journal         = {Bulletin of the Astronomical Institutes of Czechoslovakia},
    year            = 1966,
    month           = 1,
    volume          = {17},
    pages           = {347},
}

@article{jones-brown1993,
    author          = {Jones, J. and Brown, P.},
    title           = {Sporadic meteor radiant distributions: orbital survey results},
    journal         = {Monthly Notices of the Royal Astronomical Society},
    year            = 1993,
    volume          = 265,
    pages           = {524},
    note            = {Bibcode 1993MNRAS.265..524J},
}

@article{pokorny-brown2016,
    author          = {Pokorný, P. and Brown, P. G.},
    title           = {A reproducible method to determine the meteoroid mass index},
    journal         = {Astronomy \& Astrophysics},
    year            = 2016,
    volume          = 592,
    doi             = {10.1051/0004-6361/201628134},
}

@article{borovicka+2007,
    author          = {{Borovička, J.} and {Spurný, P.} and {Koten, P.}},
    title           = {Atmospheric deceleration and light curves of Draconid meteors and implications for the structure of cometary dust},
    DOI             = "10.1051/0004-6361:20078131",
    url             = "https://doi.org/10.1051/0004-6361:20078131",
    journal         = {A\&A},
    year            = 2007,
    volume          = 473,
    number          = 2,
    pages           = "661-672",
}

@article{toth+2015,
    author          = {{Tóth}, J. and {Kornoš}, L. and {Zigo}, P. and others},
    title           = {{All-sky Meteor Orbit System AMOS} and preliminary analysis of three unusual meteor showers},
    year            = 2015,
    journal         = {Planetary and Space Science},
    volume          = 118,
    pages           = {102-106},
    doi             = {10.1016/j.pss.2015.07.007},
    note            = {Bibcode 2015P\&SS..118..102T},
}

@article{vida+2018,
    author          = {Vida, Denis and Brown, Peter and Campbell-Brown, M.},
    year            = {2018},
    month           = {07},
    pages           = {},
    title           = {Modeling the measurement accuracy of pre-atmosphere velocities of meteoroids},
    volume          = {479},
    journal         = {Monthly Notices of the Royal Astronomical Society},
    doi             = {10.1093/mnras/sty1841},
}

@article{jaksova2015,
    author          = {Jakšová, Ivana and Porubčan, Vladimír and Klačka, Jozef},
    title           = {Structure and sources of the sporadic meteor background from video observations},
    journal         = {Publications of the Astronomical Society of Japan},
    year            = 2015,
    volume          = 67,
    issue           = 5,
    pages           = {99},
    doi             = {10.1093/pasj/psv068},
}

@article{smith1954,
    author          = {Smith, Henry J.},
    title           = {The Physical Theory of Meteors. {V}. {The} Masses of Meteor-Flare Fragments},
    journal         = {Astrophysical Journal},
    volume          = 119,
    pages           = {438},
    year            = 1954,
    note            = {Bibcode 1954ApJ...119..438S},
    doi             = {10.1086/145841}, 
}

@article{kikwaya2011,
    author          = {Kikwaya, J.-B. and Campbell-Brown, M. and Brown, P. G.},
    title           = {Bulk densities of small meteoroids},
    journal         = {Astronomy \& Astrophysics},
    volume          = 530,
    year            = 2011,
    doi             = {10.1051/0004-6361/201116431},
}

@article{whipple1938,
    author          = {Whipple, Fred Lawrence},
    title           = {Photographic Meteor Studies {I}},
    journal         = {Proceedings of the American Philosophical Society},
    year            = 1938,
    volume          = 79,
    issue           = 4,
    pages           = {499-548},
}

@article{hughes1995,
    author          = {Hughes, David W.},
    title           = {The {Perseid} Meteor Shower},
    journal         = {Earth, Moon and Planets},
    year            = 1995,
    month           = 1,
    issue           = {1-3},
    pages           = {31-70},
    doi             = {10.1007/BF00671498},
}

@article{krisciunas1980,
    author          = {Krisciunas, K.},
    title           = {The luminosity functions of the 1969 {Perseid} and {Orionid} meteor showers},
    year            = 1980,
    journal         = {Icarus},
    volume          = 43,
    issue           = 3,
    pages           = {381-384},
    doi             = {10.1016/0019-1035(80)90182-7} 
}

@article{belkovich2006,
    author          = {Bel'kovich, O. I. and Ishmukhametova, M. G.},
    title           = {Mass Distribution of {Perseid} Meteoroids},
    journal         = {Solar System Research},
    volume          = 40,
    issue           = 3,
    pages           = {208-213},
    year            = 2006,
    publisher       = {Pleiades Publishing},
    doi             = {10.1134/S003809460603004X},
}

@article{ryabova2013,
    author          = {Ryabova, Galina},
    title           = {Modeling of meteoroid streams: The velocity of ejection of meteoroids from comets (a review)},
    year            = 2013,
    month           = 5,
    pages           = {219-238},
    volume          = 47,
    journal         = {Solar System Research},
    doi             = {10.1134/S0038094613030052},
}

@misc{msise90,
    author          = {{Community Coordinated Modeling Center}},
    title           = {{MSIS-E-90} Atmosphere Model},
    url             = {https://ccmc.gsfc.nasa.gov/modelweb/models/msis_vitmo.php},
    year            = 1990,
}

@misc{ussa1976,
    author          = {{NOAA, NASA and USAF}},
    title           = {{U. S.} Standard Atmosphere},
    publisher       = {NOAA-S/T 76-1562},
    address         = {Washington, D.C.},
    year            = 1976,
    month           = 10,
    url             = {https://ntrs.nasa.gov/archive/nasa/casi.ntrs.nasa.gov/19770009539.pdf},
}

@misc{braeunig2014,
    author          = {Braeunig, R. A.},
    title           = {Atmospheric Models},
    year            = 2014,
    url             = {http://www.braeunig.us/space/atmmodel.htm},
}

@manual{imo-glossary,
    author          = {{International Meteor Organization}},
    title           = {Glossary},
    url             = {https://www.imo.net/resources/glossary/},
    year            = 2020,
}

@misc{imo-definitions,
    author          = {Perlerin, Vincent},
    title           = {Definition of Terms in Meteor Astronomy {(IAU)}},
    url             = {https://www.imo.net/definitions-of-terms-in-meteor-astronomy-iau/},
    year            = 2018,
}

@manual{ashdown-illu,
    author          = {Ian Ashdown},
    title           = {Solar Illumination},
    year            = 2015,
    url             = {https://agi32.com/blog/tag/solar-illumination-constant/},
}

@misc{clynch2006,
    author          = {Clynch, J. R.},
    title           = {Earth Coordinates},
    year            = 2006,
    url             = {http://www.sage.unsw.edu.au/snap/gps/clynch\_pdfs/coorddef.pdf}
}

@misc{nima-wgs84,
    author          = {{National Imagery and Mapping Agency}},
    title           = {{Department of Defense} {World Geodetic System} 1984 {(WGS84)}},
    pages           = {{3--2}},
    url             = {http://earth-info.nga.mil/GandG/publications/tr8350.2/wgs84fin.pdf},
    year            = 2000,
}

@misc{nasa-drag,
    author          = {{NASA}},
    title           = {Drag of a sphere},
    year            = 2015,
    url             = {https://www.grc.nasa.gov/www/k-12/airplane/dragsphere.html},
}

@misc{usno-sun,
    author          = {{United States Naval Observatory}},
    title           = {Approximate Solar Coordinates},
    year            = 2012,
    url             = {http://aa.usno.navy.mil/faq/docs/SunApprox.php},
}

@misc{usno-gast,
    author          = {{United States Naval Observatory}},
    title           = {Approximate Sidereal Time},
    year            = 2011,
    url             = {http://aa.usno.navy.mil/faq/docs/GAST.php}
}

@misc{usno-twilight,
    author          = {{United States Naval Observatory}},
    title           = {Rise, Set and Twilight Definitions},
    year            = 2011,
    url             = {http://aa.usno.navy.mil/faq/docs/RST_defs.php},
}

@misc{almucantar,
    author          = {{Merriam-Webster Incorporated}},
    title           = {{Merriam-Webster Dictionary}},
    year            = 2018,
    url             = {https://www.merriam-webster.com/dictionary/almucantar},
}

@misc{galileo,
    author          = {{User Galileo}},
    title           = {Equal Signs Meanings},
    journal         = {Physics Forums},
    year            = 2005,
    url             = {https://www.physicsforums.com/threads/equals-signs-meanings.62275/},
}

@article{green1992,
    author          = {Green, Daniel W. E.},
    title           = {Magnitude Corrections for Atmospheric Extinction},
    journal         = {International Comet Quarterly},
    year            = 1992,
    month           = 7,
    volume          = 14,
    pages           = {55-59},
    url             = {http://www.icq.eps.harvard.edu/ICQExtinct.html},
}

@article{beech2009,
    author          = {Beech, Martin},
    title           = "{On the shape of meteor light curves, and a fully analytic solution to the equations of meteoroid ablation}",
    journal         = {Monthly Notices of the Royal Astronomical Society},
    volume          = {397},
    number          = {4},
    pages           = {2081-2086},
    year            = {2009},
    month           = {08},
    issn            = {0035-8711},
    doi             = {10.1111/j.1365-2966.2009.15090.x},
    url             = {https://doi.org/10.1111/j.1365-2966.2009.15090.x},
    eprint          = {http://oup.prod.sis.lan/mnras/article-pdf/397/4/2081/3198197/mnras0397-2081.pdf},
}

@article{watanabe2016,
    author          = {Watanabe, Masaki and Sahara, Hironori and Abe, Shinsuke and Watanabe, Takeo and Nojiri, Yuta and Okajima, Lena},
    year            = {2016},
    month           = {01},
    title           = {Development of Artificial Meteor for Observation of Upper Atmosphere},
    volume          = {121},
    journal         = {Acta Astronautica},
    doi             = {10.1016/j.actaastro.2016.01.004}
}

@misc{nasa-sun,
    author          = {{NASA}},
    title           = {{Sun} Fact Sheet},
    year            = 2018,
    url             = {https://nssdc.gsfc.nasa.gov/planetary/factsheet/sunfact.html},
}

@book{cavafy,
    author          = {Cavafy, Constantine P.},
    title           = {Collected Poems},
    translator      = {Keeley, Edmund and Sherrard, Philip},
    editor          = {Savidis, George},
    year            = 1992,
    publisher       = {Princeton University Press},
}

@book{bronshten1983,
    author          = {Bronshten, V. A.},
    title           = {Physics of Meteoric Phenomena},
    year            = 1983,
    pages           = {356},
    publisher       = {Springer Netherlands},
}

@book{batchelor2000,
    author          = {Batchelor, G. K.},
    title           = {An introduction to fluid dynamics},
    year            = 2000,
    publisher       = {Cambridge University Press},
    pages           = {351},
}

@book{newton1687,
    author          = {Newton, Isaac},
    title           = {Philosophiæ Naturalis Principia Mathematica},
    year            = 1687,
}

@book{arnold1983,
    title           = {Pareto distributions},
    author          = {Arnold, Barry C.},
    publisher       = {International Co-operative Publishing House},
    isbn            = {9780899740119},
    series          = {Statistical distributions in scientific work series},
    year            = 1983,
}

@inproceedings{zigo+2013,
    author          = {{Zigo}, Pavol and {Tóth}, Juraj and {Kalmančok}, Dušan},
    title           = {All-Sky Meteor Orbit System {AMOS}},
    booktitle       = {Proceedings of the International Meteor Conference, 31st {IMC}, La Palma, Canary Islands, Spain, 2012},
    year            = 2013,
    editor          = {{Gyssens}, M. and {Roggemans}, P.},
    month           = 1,
    pages           = {18-20},
}

@article{hwang+1994,
    author          = {Hwang, Jenq-Neng and Lay, Shyh-Rong and Lippman, Alan},
    title           = {Nonparametric multivariate density estimation: a case study},
    journal         = {{IEEE} Transactions on Signal Processing},
    year            = 1994,
    month           = 10,
    volume          = 42,
    number          = 10,
    pages           = {2795},
}

@article{chen2015,
    author          = {Chen, Su},
    title           = {Optimal bandwidth selection for kernel density functionals estimation},
    journal         = {Journal of Probability and Statistics},
    year            = 2015,
    volume          = 2015,
}

@article{bowman1985,
    author          = {Bowman, Adrian W.},
    title           = {A comparative study of some kernel-based nonparametric density estimators},
    journal         = {Journal of Statistical Computation and Simulation},
    year            = {1985},
    volume          = {21},
    number          = {3-4},
    pages           = {313-327},
    publisher       = {Taylor \& Francis},
    doi             = {10.1080/00949658508810822},
}

@article{jones+1996,
    author          = {Jones, M. C. and Marron, J. S. and Sheather, S. J.},
    title           = {A Brief Survey of Bandwidth Selection for Density Estimation},
    journal         = {Journal of the American Statistical Association},
    year            = {1996},
    volume          = {91},
    number          = {433},
    pages           = {401-407},
    publisher       = {Taylor \& Francis},
    doi             = {10.1080/01621459.1996.10476701},
}

@article{blaauw+2016,
    author          = {Blaauw, R. C. and Campbell-Brown, M. and Kingery, A.},
    title           = {Optical meteor fluxes and application to the 2015 {Perseids}},
    journal         = {Monthly Notices of the Royal Astronomical Society},
    volume          = {463},
    number          = {1},
    pages           = {441-448},
    year            = {2016},
    doi             = {10.1093/mnras/stw1979},
}

@inproceedings{gural2002,
    author          = {Gural, Peter},
    title           = {Meteor Observation Simulation Tool},
    booktitle       = {Proceedings of the International Meteor Conference 2001, Cerkno, Slovenia},
    year            = 2002,
    pages           = {29-35},
}

@article{cardinot+amafsms,
    author          = {Cardinot, M. and Namen, A.},
    title           = {A Mathematical Model for Simulating Meteor Showers},
    journal         = {{TEMA (São Carlos)}},
    ISSN            = {2179-8451},
    URL             = {http://www.scielo.br/scielo.php?script=sci_arttext&pid=S2179-84512019000100001&nrm=iso},
    volume          = {20},
    year            = {2019},
    month           = {04},
    pages           = {1-14},
    publisher       = {scielo},
}

@article{nittler+2019,
    author          = {Nittler, Larry R. and others},
    title           = {A cometary building block in a primitive asteroidal meteorite},
    journal         = {Nature Astronomy},
    year            = 2019,
    volume          = 3,
    pages           = {659-666},
    doi             = {10.1038/s41550-019-0737-8},
}

@article{jedicke+1997,
    author          = {{Jedicke}, R. and {Herron}, J.~D.},
    title           = "{Observational Constraints on the Centaur Population}",
    journal         = {Icarus},
    year            = 1997,
    month           = 6,
    volume          = {127},
    number          = {2},
    pages           = {494-507},
    doi             = {10.1006/icar.1997.5696},
}

@inproceedings{molau2018,
    author          = {Molau, Sirko},
    title           = {The perfect observing direction},
    booktitle       = {Proceedings of the International Meteor Conference, Pezinok-Modra, 2018},
    year            = 2018,
}

@inproceedings{molau2015,
    author          = {Molau, Sirko},
    title           = {Population index reloaded},
    booktitle       = {Proceedings of the International Meteor Conference, Mistelbach, 2015},
    year            = 2015,
}

@inproceedings{chesley2017,
    author          = {Chesley, Steven R. and Vereš, Peter},
    title           = {Projected {Near-Earth} {Object} Discovery Performance of the {Large} {Synoptic} {Survey} {Telescope}},
    booktitle       = {2016 IEEE Aerospace Conference},
    year            = 2017,
    month           = 3,
    doi             = {10.1109/AERO.2016.7500539},
}

@misc{porubcan-lectures,
    author          = {Porubčan, Vladimír},
    title           = {Lectures on Interplanetary Matter},
    volume          = 2,
    year            = 2017,
    school          = {Comenius University},
    note            = {Attended April--May 2017},
}

@online{iml-ldef,
    author          = {{Infrared Multilayer Laboratory}},
    title           = {{LDEF} orbital meteoroid and debris impacts},
    year            = 2018,
    school          = {University of Reading},
    url             = {http://www.reading.ac.uk/ir-spaceenvironment-ldeforbitalmeteoroidanddebrisimpacts.aspx},
}

@online{nasa-shield,
    author          = {{Hypervelocity Impact Technology Facility}},
    title           = {Basic Concepts},
    date            = {2006-02-22},
    urldate         = {2020-01-20},
    url             = {https://web.archive.org/web/20081211000227/http://hitf.jsc.nasa.gov/hitfpub/shielddev/basicconcepts.html},
}

@article{vaubaillon+2005,
    author          = {Vaubaillon, Jérémie and Colas, Francois and Jorda, L.},
    year            = {2005},
    month           = {08},
    pages           = {751-760},
    title           = {A new method to predict meteor showers. I. Description of the model},
    volume          = {439},
    journal         = {Astronomy\&Astrophysics}
}

@article{rein+rebound,
    author          = {{Rein}, H. and {Liu}, S. -F.},
    title           = "{REBOUND: an open-source multi-purpose N-body code for collisional dynamics}",
    journal         = {\aap},
    year            = 2012,
    month           = 1,
    volume          = {537},
    eid             = {A128},
    pages           = {A128},
    doi             = {10.1051/0004-6361/201118085},
    eprint          = {1110.4876},
}

@article{rein+ias15,
    author          = {{Rein}, Hanno and {Spiegel}, David S.},
    title           = {IAS15: a fast, adaptive, high-order integrator for gravitational dynamics, accurate to machine precision over a billion orbits},
    journal         = {MNRAS},
    year            = 2015,
    month           = 1,
    volume          = 446,
    number          = 2,
    pages           = {1424-1437},
    doi             = {10.1093/mnras/stu2164},
    eprint          = {1409.4779},
}

@article{beloriszky-1930,
    author          = {Beloriszky, D.},
    title           = {Application pratique des méthodes de {M. Sundman} à un cas particulier du problème des trois corps},
    year            = 1930,
    journal         = {Bulletin Astronomique},
    volume          = 2,
    number          = 6,
    pages           = {417-434},
}

@article{jenniskens-2004,
    author          = {Jenniskens, Peter},
    title           = {{2003 EH1} is the {Quadrantid} shower parent comet},
    journal         = {The Astronomical Journal},
    year            = 2004,
    month           = 5,
    volume          = 127,
    pages           = {3018-3022},
}

@online{meteorflux,
    author          = {Molau, Sirko and Barentsen, Geert},
    title           = {{MeteorFlux.io}},
    url             = {http://meteorflux.io/},
    year            = 2018,
}

@online{molau2010,
    author          = {Molau, Sirko},
    title           = {Towards Flux Rates from Video Meteor Observations},
    journal         = {International Meteor Conference, Armagh, UK},
    year            = 2010,
    url             = {https://www.imo.net/imcs/imc2010/talks/Molau.pdf},
}

@online{techterms,
    author          = {{Sharpened Productions}},
    title           = {{TechTerms -- The Tech Terms Computer Dictionary}},
    url             = {https://techterms.com/definition/gpu},
    year            = 2020,
}

@online{null-island,
    author          = {{Library of Congress}},
    title           = {The Geographical Oddity of {Null Island}},
    url             = {https://blogs.loc.gov/maps/2016/04/the-geographical-oddity-of-null-island/},
    year            = 2020,
}

