@article{ refId0,
	author = {{Campbell-Brown, M. D.} and {Borovicka, J.} and {Brown, P. G.} and {Stokan, E.}},
	title = {High-resolution modelling of meteoroid ablation},
	DOI= "10.1051/0004-6361/201322005",
	url= "https://doi.org/10.1051/0004-6361/201322005",
	journal = {A\&A},
	year = 2013,
	volume = 557,
	pages = "A41",
	month = "",
}
